% Bibtex file for extended-abstract.tex

@inproceedings{MS96,
  title={Simple, fast, and practical non-blocking and blocking concurrent queue algorithms},
  author={Michael, Maged M and Scott, Michael L},
  booktitle={Proceedings of the fifteenth annual ACM symposium on Principles of distributed computing},
  pages={267--275},
  year={1996},
  organization={ACM}
}

@inproceedings{KP11,
  title={Wait-free queues with multiple enqueuers and dequeuers},
  author={Kogan, Alex and Petrank, Erez},
  booktitle={ACM SIGPLAN Notices},
  volume={46},
  number={8},
  pages={223--234},
  year={2011},
  organization={ACM}
}

@inproceedings{He10,
  title={Flat combining and the synchronization-parallelism tradeoff},
  author={Hendler, Danny and Incze, Itai and Shavit, Nir and Tzafrir, Moran},
  booktitle={Proceedings of the twenty-second annual ACM symposium on Parallelism in algorithms and architectures},
  pages={355--364},
  year={2010},
  organization={ACM}
}

@inproceedings{FK12,
  title={Revisiting the combining synchronization technique},
  author={Fatourou, Panagiota and Kallimanis, Nikolaos D},
  booktitle={ACM SIGPLAN Notices},
  volume={47},
  number={8},
  pages={257--266},
  year={2012},
  organization={ACM}
}

@inproceedings{AM13,
  title={Fast concurrent queues for x86 processors},
  author={Morrison, Adam and Afek, Yehuda},
  booktitle={ACM SIGPLAN Notices},
  volume={48},
  number={8},
  pages={103--112},
  year={2013},
  organization={ACM}
}

@inproceedings{veal2007performance,
  title={Performance scalability of a multi-core web server},
  author={Veal, Bryan and Foong, Annie},
  booktitle={Proceedings of the 3rd ACM/IEEE Symposium on Architecture for networking and communications systems},
  pages={57--66},
  year={2007},
  organization={ACM}
}

@inproceedings{hashemian2013improving,
  title={Improving the scalability of a multi-core web server},
  author={Hashemian, Raoufehsadat and Krishnamurthy, Diwakar and Arlitt, Martin and Carlsson, Niklas},
  booktitle={Proceedings of the 4th ACM/SPEC International Conference on Performance Engineering},
  pages={161--172},
  year={2013},
  organization={ACM}
}

@article{mosberger1998httperf,
  title={httperfâ€”a tool for measuring web server performance},
  author={Mosberger, David and Jin, Tai},
  journal={ACM SIGMETRICS Performance Evaluation Review},
  volume={26},
  number={3},
  pages={31--37},
  year={1998},
  publisher={ACM}
}

@article{michael2004hazard,
  title={Hazard pointers: Safe memory reclamation for lock-free objects},
  author={Michael, Maged M},
  journal={Parallel and Distributed Systems, IEEE Transactions on},
  volume={15},
  number={6},
  pages={491--504},
  year={2004},
  publisher={IEEE}
}

@article{hart2007performance,
  title={Performance of memory reclamation for lockless synchronization},
  author={Hart, Thomas E and McKenney, Paul E and Brown, Angela Demke and Walpole, Jonathan},
  journal={Journal of Parallel and Distributed Computing},
  volume={67},
  number={12},
  pages={1270--1285},
  year={2007},
  publisher={Elsevier}
}

@MISC{synch-1.0.1,
  author={Kallamanis, Nikolaos D.},
  title={Sim: A Highly-Efficient Wait-Free Universal Construction},
  year={2011},
  url={https://code.google.com/p/sim-universal-construction/},
  note={Version 1.0.1}
}

@MISC{lcrq-source,
  author={Morrisson and Afek},
  title={LCRQ Source Code Package},
  year={2013},
  url={http://mcg.cs.tau.ac.il/projects/lcrq/lcrq-291213.zip}
}